@inproceedings{reeh-vulnerability-2019,
	title = {Vulnerability Analysis and Risk Assessment of {EV} Charging System under Cyber-Physical Threats},
	url = {https://ieeexplore.ieee.org/document/8790593},
	doi = {10.1109/ITEC.2019.8790593},
	pages = {1--6},
	booktitle = {2019 {IEEE} Transportation Electrification Conference and Expo ({ITEC})},
	author = {Reeh, Devin and Cruz Tapia, Francisco and Chung, Yu-Wei and Khaki, Behnam and Chu, Chicheng and Gadh, Rajit},
	urldate = {2025-02-13},
	year = {2019},
	note = {{ISSN}: 2377-5483},
	keywords = {Cyber-physical threat, Electric vehicle charging, {EV} charging network, Malware, Protocols, risk assessment, Risk management, Servers, Smart grids, vulnerability analysis, {WinSmartEV}™},
}

@article{acharya-cybersecurity-2020,
	title = {Cybersecurity of Smart Electric Vehicle Charging: A Power Grid Perspective},
	volume = {8},
	issn = {2169-3536},
	url = {https://ieeexplore.ieee.org/document/9272723},
	doi = {10.1109/ACCESS.2020.3041074},
	shorttitle = {Cybersecurity of Smart Electric Vehicle Charging},
	pages = {214434--214453},
	journal = {{IEEE} Access},
	author = {Acharya, Samrat and Dvorkin, Yury and Pandžić, Hrvoje and Karri, Ramesh},
	urldate = {2025-02-13},
	year = {2020},
	note = {Conference Name: {IEEE} Access},
	keywords = {Computer crime, Computer security, Cybersecurity, Electric vehicle charging, electric vehicle charging stations, electric vehicles, {HVAC}, Power grids, Protocols, Security, smart grids},
}

@article{bao_threat_2018,
	title = {A threat analysis of the vehicle-to-grid charging protocol {ISO} 15118},
	volume = {33},
	issn = {1865-2042},
	url = {https://doi.org/10.1007/s00450-017-0342-y},
	doi = {10.1007/s00450-017-0342-y},
	pages = {3--12},
	number = {1},
	journal = {Computer Science - Research and Development},
	author = {Bao, Kaibin and Valev, Hristo and Wagner, Manuela and Schmeck, Hartmut},
	urldate = {2025-03-05},
	year = {2018},
	langid = {english},
}

@article{acharige-review-2023,
	title = {Review of Electric Vehicle Charging Technologies, Standards, Architectures, and Converter Configurations},
	volume = {11},
	issn = {2169-3536},
	url = {https://ieeexplore.ieee.org/abstract/document/10102467},
	doi = {10.1109/ACCESS.2023.3267164},
    pages = {41218--41255},
	journal = {{IEEE} Access},
	author = {Acharige, Sithara S. G. and Haque, Md. Enamul and Arif, Mohammad Taufiqul and Hosseinzadeh, Nasser and Hasan, Kazi N. and Oo, Aman Maung Than},
	urldate = {2025-01-12},
	year = {2023},
	note = {Conference Name: {IEEE} Access},
	keywords = {Batteries, charging configuration, Charging stations, Costs, Electric vehicle, Electric vehicle charging, grid integration, international standards, onboard and offboard charger, power converters, Power grids, Reliability, Vehicle-to-grid},
}

@misc{Ajzh2074-CCS-Plug,
  author    = {Ajzh2074},
  title     = {CCS Plug with Pinout},
  year      = {2024},
  url       = {https://commons.wikimedia.org/w/index.php?curid=34947566},
  note      = {Own work, CC BY-SA 4.0. Accessed: 26 February 2025.}
}

@misc{bahrami-ev-2020,
	title = {{EV} Charging Definitions, Modes, Levels, Communication Protocols and Applied Standards},
	url = {http://rgdoi.net/10.13140/RG.2.2.15844.53123/11},
	doi = {10.13140/RG.2.2.15844.53123/11},
	author = {Bahrami, Ali},
	urldate = {2025-02-26},
	year = {2020},
	langid = {english},
	note = {Unpublished Version Number: 11},
}

@misc{homeplug-green-phy-whitepaper,
	title = {{HomePlug Green Phy for Electric Vehicles: HomePlug Green PHY Whitepaper}},
	url = {https://www.codico.com/en/products/powerline-communication/homeplug-green-phy-for-electric-vehicles},
	author = {HomePlug® Powerline Alliance},
	year = {2010},
	langid = {english},
	note = {Accessed: 21 December 2024.},
}

@misc{homeplug-av-whitepaper,
  title        = {{HomePlug Green Phy for Electric Vehicles: HomePlug AV Whitepaper}},
  url          = {https://www.codico.com/en/products/powerline-communication/homeplug-green-phy-for-electric-vehicles},
  author       = {HomePlug® Powerline Alliance},
  year         = {2005},
  note         = {Accessed: 21 December 2024.},
  langid       = {english},
}


@misc{vector-charging-standards,
	title = {Charging Standards: Overview of both international and national charging standards, such as {IEC} 62196, {ISO} 15118, {GB}/T 27930, {CHAdeMO} and {OCPP}.},
	url = {https://www.vector.com/se/en/know-how/smart-charging/charging-standards/},
	author = {Vector Informatik {GmbH}},
	note = {Accessed: 28 February 2025.},
    year = {2025},
	langid = {english},
}

@misc{fluxiushomeplugpwn,
	title = {{FlUxIuS}/{HomePlugPWN}: {HomePlugAV} tools to test {PLC} (in)security},
	author = {Dudek, Sébastien},
	url = {https://github.com/FlUxIuS/HomePlugPWN},
	urldate = {2025-02-28},
    year = {2025},
    note = {Accessed: 28 February 2025.},
}

@misc{qcaopen-plc-utils,
	title = {qca/open-plc-utils: Qualcomm Atheros Open Powerline Toolkit.},
    key = {open-plc-utils},
	url = {https://github.com/qca/open-plc-utils},
	titleaddon = {{GitHub}},
	urldate = {2025-02-28},
    year = {2025},
    note = {Accessed: 28 February 2025.},
}

@article{dudek-homeplugav-2015,
	title = {{HomePlugAV} {PLC}: Practical attacks and backdooring},
	url = {https://penthertz.com/resources/NSC2014-HomePlugAV\_attacks-Sebastien\_Dudek.pdf},
	shorttitle = {{HomePlugAV} {PLC}},
	journal = {Netw. Anal.},
	author = {Dudek, Sébastien},
	urldate = {2025-01-08},
	year = {2015},
}

@inproceedings{dudek-v2g-2019,
	title = {V2G Injector: Whispering to cars and charging units through the Power-Line},
	url ={https://www.sstic.org/2019/presentation/v2g_injector_playing_with_electric_cars_and_charging_stations_via_powerline/},
	shorttitle = {V2G Injector},
	booktitle = {Proceedings of the {SSTIC} (Symposium sur la sécurité des technologies de l’information et des communications)},
	author = {Dudek, Sébastien and Delaunay, Jean-Christophe and Fargues, Vincent},
	urldate = {2025-03-03},
	year = {2019},
    publisher = {SSTIC},
    address = {Rennes, France},
    pages = {1--26}
}

@article{johnson-review-2022,
	title = {Review of Electric Vehicle Charger Cybersecurity Vulnerabilities, Potential Impacts, and Defenses},
	volume = {15},
	rights = {http://creativecommons.org/licenses/by/3.0/},
	issn = {1996-1073},
	url = {https://www.mdpi.com/1996-1073/15/11/3931},
	doi = {10.3390/en15113931},
	pages = {3931},
	number = {11},
	journaltitle = {Energies},
	author = {Johnson, Jay and Berg, Timothy and Anderson, Benjamin and Wright, Brian},
	urldate = {2025-02-04},
	year = {2022},
	langid = {english},
	note = {Number: 11 Publisher: Multidisciplinary Digital Publishing Institute},
	keywords = {cybersecurity, electric vehicle ({EV}), electric vehicle supply equipment ({EVSE}), {EV} chargers, power system security},
}

@article{kohler-brokenwire-2022,
  author       = {Sebastian K{\"{o}}hler and
                  Richard Baker and
                  Martin Strohmeier and
                  Ivan Martinovic},
  title        = {Brokenwire : Wireless Disruption of {CCS} Electric Vehicle Charging},
  journal      = {CoRR},
  volume       = {abs/2202.02104},
  year         = {2022},
  url          = {https://arxiv.org/abs/2202.02104},
  eprinttype    = {arXiv},
  eprint       = {2202.02104},
  timestamp    = {Tue, 14 Mar 2023 11:09:20 +0100},
  biburl       = {https://dblp.org/rec/journals/corr/abs-2202-02104.bib},
  bibsource    = {dblp computer science bibliography, https://dblp.org}
}



@inproceedings{baker-losing-2019,
	author = {Baker, Richard and Martinovic, Ivan},
	title = {Losing the Car Keys: Wireless {PHY-Layer} Insecurity in {EV} Charging},
	booktitle = {28th {USENIX} Security Symposium ({USENIX} Security 19)},
	year = {2019},
	pages = {407--424},
	url = {https://www.usenix.org/conference/usenixsecurity19/presentation/baker},
	urldate = {2025-03-05},
	isbn = {978-1-939133-06-9},
	langid = {english},
    publisher = {USENIX Association},
    address = {Santa Clara, CA},
}

@misc{baker-rb-2022,
	title = {{RB} / hpgp-emis-rx · {GitLab}},
	url = {https://gitlab.com/rbaker/hpgp-emis-rx},
	abstract = {{GitLab}.com},
	titleaddon = {{GitLab}},
	author = {Baker, Richard and Martinovic, Ivan},
	urldate = {2025-03-11},
	year = {2022},
    note = {Accessed: 11 March 2025.},
}

@misc{github-v2gsniffing,
	title = {{GitHub} - securityinmobility/v2g-sniffing},
	url = {https://github.com/securityinmobility/v2g-sniffing},
    author = {Research Group Security in Mobility from University of applied sciences Ingolstadt},
    year = {2025},
	urldate = {2025-03-13},
    note = {Accessed: 13 March 2025.},
}



% manually added by Jakob
@software{gnuradio,
  author       = {Rondeau Tom et al.},
  title        = {GNU Radio},
  month        = {feb},
  year         = {2025},
  publisher    = {Zenodo},
  version      = {v3.10.12.0},
  doi          = {10.5281/zenodo.14897743},
  url          = {https://doi.org/10.5281/zenodo.14897743},
  swhid        = {swh:1:dir:170265bd25f24d1262faeaac414bf76280638844
                   ;origin=https://doi.org/10.5281/zenodo.2704343;vis
                   it=swh:1:snp:4c9eb32ee925db954da32137aa46e4fcb5e46
                   9ac;anchor=swh:1:rel:7ee2fa6491106edac1971c0568338
                   8c7065c471e;path=gnuradio-gnuradio-522b220
                  },
}

@misc{thcIpv6,
	title = {{GitHub} - vanhauser-thc/thc-ipv6},
	url = {https://github.com/vanhauser-thc/thc-ipv6},
    author = {Marc Heuse et al.},
    year = {2025},
	urldate = {2025-03-27},
    note = {Accessed: 27 March 2025.},
}

@misc{sylkie,
	title = {{GitHub} - dlrobertson/sylkie},
	url = {https://github.com/dlrobertson/sylkie},
    author = {Dan Robertson},
    year = {2025},
	urldate = {2025-03-27},
    note = {Accessed: 27 March 2025.},
}

@misc{dspace_dsv2gshark_nodate,
	title = {Free Wireshark plugin to analyze ISO15118 V2G communication between electric vehicles (EV) and charging stations (EVSE).},
	shorttitle = {dsV2Gshark},
	howpublished = {\url{https://github.com/dspace-group/dsV2Gshark}},
	language = {en},
	urldate = {2025-03-06},
	author = {{dSpace Group}},
    note = {Accessed: 2025-03-06},
}

@misc{wireshark_wireshark_nodate,
	title = {The world's most popular network protocol analyzer.},
	shorttitle = {Wireshark},
	howpublished = {\url{https://www.wireshark.org/}},
	language = {en},
	urldate = {2025-03-06},
	author = {{Wireshark Foundation}},
    note = {Accessed: 2025-03-06},
}